@article{stegmaier,
    author =       "Mary Stegmaier and Helmut Norpoth",
    title =        "Election Forecasting",
    journal =      "Oxford Bibliographies Online Datasets.",
    DOI =          "http://www.oxfordbibliographies.com/view/document/obo-9780199756223/obo-9780199756223-0023.xml"
}
  
@misc{ukbusinsider,
    author    = "Oscar Williams-Grut ",
    title     = "What you would have won betting on Leicester winning the league, Brexit, and Trump becoming President",
    howpublished       = {\url{http://uk.businessinsider.com/odds-leicester-brexit-trump-betting-winning-ladbrokes-2016-11}},
}

@misc{bbcnews,
	author    = "Peter Barnes",
	title     = "EU Referendum: Did the polls all get it wrong again? - BBC News",
	howpublished       = {\url{http://www.bbc.com/news/uk-politics-eu-referendum-36648769}},
}

@misc{natesilver,
	author    = "Nate Silver",
	title     = "Why FiveThirtyEight Gave Trump A Better Chance Than Almost Anyone Else",
	howpublished       = {\url{http://fivethirtyeight.com/features/why-fivethirtyeight-gave-trump-a-better-chance-than-almost-anyone-else/}},
}

@article{rigdon,
	author =       "Steven E. Rigdon and Sheldon H. Jacobson and Wendy K. Tam Cho and Edward C. Sewell and Christopher J. Rigdon",
	title =        "A Bayesian Prediction Model for the U.S. Presidential Election",
	journal =      "American Politics Research,",
	DOI =          "http://journals.sagepub.com/doi/abs/10.1177/1532673X08330670"
}

@misc{adrian,
	author    = "Dr Adrian Kavanagh",
	title     = " Irish Elections: Geography, Facts and Analyses",
	howpublished       = {\url{https://adriankavanaghelections.org/about/}},
}

@misc{debate,
	author    = "Martijn Theuwissen",
	title     = "R vs Python for Data Science: The Winner is ",
	howpublished       = {\url{http://www.kdnuggets.com/2015/05/r-vs-python-data-science.html}},
}

@misc{neo4jreasons,
	title     = "Top 10 Reasons for Choosing Neo4j for Your Graph Database",
	howpublished       = {\url{https://neo4j.com/top-ten-reasons/}},
}

@misc{neo4jpython,
	title     = "Using Neo4j from Python - Neo4j Graph Database",
	howpublished       = {\url{https://neo4j.com/developer/python/}},
}

@misc{nicolewhite,
	title     = "Flask and Neo4j",
	howpublished       = {\url{http://nicolewhite.github.io/neo4j-flask/pages/required-packages.html}},
}

@misc{nicolewhitejuypter,
	title     = "neo4j-jupyter",
	howpublished       = {\url{https://github.com/nicolewhite/neo4j-jupyter}},
}

@misc{d3blocks,
	title     = "World Map",
	howpublished       = {\url{https://bl.ocks.org/mbostock/4180634}},
}

@misc{natefaq,
	author    = "Nate Silver",
	title     = "Frequently Asked Questions, Last Revised 8/7/08",
	howpublished       = {\url{https://fivethirtyeight.com/features/frequently-asked-questions-last-revised/}},
}

@misc{bobohara,
	author    = "Bob O'Hara",
	title     = "How did Nate Silver predict the US election?",
	howpublished       = {\url{https://www.theguardian.com/science/grrlscientist/2012/nov/08/nate-sliver-predict-us-election}},
}

@misc{cso,
	title     = "StatBank - data and statistics",
	howpublished       = {\url{http://www.cso.ie/px/pxeirestat/statire/SelectTable/Omrade0.asp?Planguage=0}},
}

@misc{irishtimes,
	title     = "Irish Times/Ipsos MRBI Poll",
	howpublished       = {\url{http://www.irishtimes.com/news/politics/poll/february-4th}},
}

@misc{electionireland,
	title     = "ElectionsIreland.org: Home Page",
	howpublished       = {\url{http://electionsireland.org/}},
}

@misc{natenytimes,
	author    = "Nate Silver",
	title     = "FiveThirtyEight’s 2012 Forecast",
	howpublished       = {\url{https://fivethirtyeight.blogs.nytimes.com/fivethirtyeights-2012-forecast/}},
}

@article{dhondt,
	author =       "Michael Gallagher",
	title =        "Proportionality, disproportionality and electoral systems",
	journal =      "Electoral Studies",
	DOI =          "https://doi.org/10.1016/0261-3794(91)90004-C"
}

@misc{pycharm,
	title     = "PyCharm :: Features",
	howpublished       = {\url{https://www.jetbrains.com/pycharm/features/}},
}

@misc{virtualenv,
	title     = "Virtualenv — virtualenv 15.1.0 documentation",
	howpublished       = {\url{https://virtualenv.pypa.io/en/stable/}},
}

@misc{pythonexample,
	title     = "Is Python strongly typed?",
	howpublished       = {\url{http://stackoverflow.com/questions/11328920/is-python-strongly-typed}},
}

@misc{python27,
	title     = "Whetting Your Appetite — Python 2.7.13 documentation",
	howpublished       = {\url{https://docs.python.org/2/tutorial/appetite.html}},
}

@misc{werkzeug,
	title     = "Welcome | Werkzeug (The Python WSGI Utility Library)",
	howpublished       = {\url{http://werkzeug.pocoo.org/.}},
}

@misc{jinja2,
	title     = "Welcome to Jinja2 — Jinja2 Documentation (2.9)",
	howpublished       = {\url{http://jinja.pocoo.org/docs/2.9/l}},
}

@misc{flask,
	title     = "Welcome to Flask — Flask Documentation (0.12)",
	howpublished       = {\url{http://flask.pocoo.org/docs/0.12/}},
}

@misc{py2neo,
	title     = "The Py2neo v3 Handbook — The Py2neo v3 Handbook",
	howpublished       = {\url{http://py2neo.org/v3/}},
}

@misc{pandas,
	title     = "pandas: powerful Python data analysis toolkit — pandas 0.19.2 documentation",
	howpublished       = {\url{http://pandas.pydata.org/pandas-docs/stable/}},
}

@misc{scrapy,
	title     = "Scrapy at a glance — Scrapy 1.3.3 documentation",
	howpublished       = {\url{https://docs.scrapy.org/en/latest/intro/overview.html}},
}
	

@misc{neo4j,
	title     = "Chapter 1. Introduction - The Neo4j Developer Manual v3.1",
	howpublished       = {\url{http://neo4j.com/docs/developer-manual/current/introduction/}},
}

@misc{d3js,
	title     = "D3 API Reference",
	howpublished       = {\url{https://github.com/d3/d3/wiki/upgrading-to-3.0}},
}

@misc{jquery,
	title     = " jquery.org,jQuery API Documentation",
	howpublished       = {\url{http://api.jquery.com/}},
}

@misc{bootstrap,
	title     = "Bootstrap - Getting started",
	howpublished       = {\url{http://getbootstrap.com/getting-started/}},
}

@misc{pfizer,
	title     = "Pfizer Health Index report announced today shows much greater health burden on lower socio-demographic groups",
	howpublished       = {\url{https://www.pfizer.ie/news/2010/11/15/pfizer-health-index-report-announced-today-shows-much-greater-health-burden-on-lower-sociodemographic-groups}},
}

@misc{loadcsv,
	title     = "Load CSV",
	howpublished       = {\url{http://neo4j.com/docs/developer-manual/current/cypher/clauses/load-csv/}},
}

@misc{heapsize,
	title     = "How can I run neo4j with larger heap size specify server and correct gc strate",
	howpublished       = {\url{http://stackoverflow.com/questions/25840204/how-can-i-run-neo4j-with-larger-heap-size-specify-server-and-correct-gc-strate}},
}

@misc{tax,
	title     = "Tax Defaulters",
	howpublished       = {\url{http://eol.as/viz/tax2012/}},
}

